@article{bsmooth,
  author =	 {Hansen, Kasper D and Langmead, Benjamin and Irizarry, Rafael A},
  title =	 {{BSmooth: from whole genome bisulfite sequencing reads to differentially
                  methylated regions.}},
  journal =	 {Genome Biology},
  year =	 {2012},
  volume =	 {13},
  number =	 {10},
  pages =	 {R83},
  doi =		 {10.1186/gb-2012-13-10-r83},
  pmid =	 {23034175}
}


