@article{bsmooth,
  author =	 {Hansen, Kasper D and Langmead, Benjamin and Irizarry, Rafael A},
  title =	 {{BSmooth: from whole genome bisulfite sequencing reads to differentially
                  methylated regions.}},
  journal =	 {Genome Biology},
  year =	 {2012},
  volume =	 {13},
  number =	 {10},
  pages =	 {R83},
  doi =		 {10.1186/gb-2012-13-10-r83},
  pmid =	 {23034175}
}

@article{myrna,
  author =	 {Langmead, Ben and Hansen, Kasper D and Leek, Jeffrey T},
  title =	 {{Cloud-scale RNA-sequencing differential expression analysis with Myrna.}},
  journal =	 {Genome Biology},
  year =	 {2010},
  volume =	 {11},
  number =	 {8},
  pages =	 {R83},
  doi =		 {10.1186/gb-2010-11-8-r83},
  pmid =	 {20701754}
}

@article{bowtie,
  author =	 {Langmead, Ben and Trapnell, Cole and Pop, Mihai and Salzberg, Steven L},
  title =	 {{Ultrafast and memory-efficient alignment of short DNA sequences to the human
                  genome.}},
  journal =	 {Genome Biology},
  year =	 {2009},
  volume =	 {10},
  number =	 {3},
  pages =	 {R25},
  doi =		 {10.1186/gb-2009-10-3-r25},
  pmid =	 {19261174}
}

@article{bowtie2,
  author =	 {Langmead, Ben and Salzberg, Steven L},
  title =	 {{Fast gapped-read alignment with Bowtie 2.}},
  journal =	 {Nature Methods},
  year =	 {2012},
  volume =	 {9},
  number =	 {4},
  pages =	 {357--359},
  doi =		 {10.1038/nmeth.1923},
  pmid =	 {22388286}
}

@article{batchreview,
  author =	 {Leek, Jeffrey T and Scharpf, Robert B and Bravo, H{\'e}ctor Corrada and Simcha,
                  David and Langmead, Benjamin and Johnson, W Evan and Geman, Donald and Baggerly,
                  Keith and Irizarry, Rafael A},
  title =	 {{Tackling the widespread and critical impact of batch effects in high-throughput
                  data.}},
  journal =	 {Nature Reviews Genetics},
  year =	 {2010},
  volume =	 {11},
  number =	 {10},
  pages =	 {733--739},
  doi =		 {10.1038/nrg2825},
  pmid =	 {20838408}
}

@article{wasp,
  author =	 {van de Geijn, Bryce and McVicker, Graham and Gilad, Yoav and Pritchard, Jonathan
                  K},
  title =	 {{WASP: allele-specific software for robust molecular quantitative trait locus
                  discovery.}},
  journal =	 {Nature Methods},
  year =	 {2015},
  volume =	 {12},
  number =	 {11},
  pages =	 {1061--1063},
  doi =		 {10.1038/nmeth.3582},
  pmid =	 {26366987},
}


